<?xml version="1.0" encoding="UTF-8"?><collection xmlns="http://www.loc.gov/MARC21/slim"><record><leader>00347nam--2200133-i-4500</leader><controlfield tag="001">000039965</controlfield><controlfield tag="002">20161230</controlfield><controlfield tag="005">20161230201042</controlfield><controlfield tag="008">060222s1000------------r-----000-0-eng-d</controlfield><datafield ind1=" " ind2=" " tag="080"><subfield code="a">530.12:51</subfield></datafield><datafield ind1=" " ind2=" " tag="100"><subfield code="a">Sachs,R.K. And Wu,H</subfield></datafield><datafield ind1=" " ind2=" " tag="245"><subfield code="a">General relativity for mathematicians</subfield></datafield><datafield ind1=" " ind2=" " tag="260"><subfield code="a">New York, Springer-verlag, 1977. Xii+ 291 P</subfield></datafield><datafield ind1=" " ind2=" " tag="852"><subfield code="a">77359</subfield></datafield></record></collection>